<?xml version="1.0" encoding="UTF-8"?><collection xmlns="http://www.loc.gov/MARC21/slim"><record><leader>00295nam--2200121-i-4500</leader><controlfield tag="001">000047452</controlfield><controlfield tag="002">20161230</controlfield><controlfield tag="005">20161230201046</controlfield><controlfield tag="008">060222s1000------------r-----000-0-eng-d</controlfield><datafield ind1=" " ind2=" " tag="100"><subfield code="a">Winch,R.P</subfield></datafield><datafield ind1=" " ind2=" " tag="245"><subfield code="a">Electricity and magnetism</subfield></datafield><datafield ind1=" " ind2=" " tag="260"><subfield code="a">New York, Prentice Hall, 1955. Xi+755 P</subfield></datafield><datafield ind1=" " ind2=" " tag="852"><subfield code="a">10812</subfield></datafield></record></collection>